<?xml version="1.0" encoding="UTF-8"?><collection xmlns="http://www.loc.gov/MARC21/slim"><record><leader>00489nam--2200145-i-4500</leader><controlfield tag="001">000008733</controlfield><controlfield tag="002">20161230</controlfield><controlfield tag="005">20161230201027</controlfield><controlfield tag="008">060222s1000------------r-----000-0-eng-d</controlfield><datafield ind1=" " ind2=" " tag="080"><subfield code="a">548</subfield></datafield><datafield ind1=" " ind2=" " tag="100"><subfield code="a">Adamski, Tadeusz</subfield></datafield><datafield ind1=" " ind2=" " tag="245"><subfield code="a">Observations sur la croissance des crystaux par la methode de la precipitation synchro- nisee</subfield></datafield><datafield ind1=" " ind2=" " tag="260"><subfield code="a">Warsaw, Panstwowe Wydawictwo Naukowe, 1969 15 P</subfield></datafield><datafield ind1=" " ind2=" " tag="490"><subfield code="a">Academie Polonaise Des Sciences-centre Scientifique A Paris / Conf.Fasc.70</subfield></datafield><datafield ind1=" " ind2=" " tag="852"><subfield code="a">29989</subfield></datafield></record></collection>